30 mtime=1608715461.822543877
